<record><leader>00000cas a22000007a 4500</leader><controlfield tag="001">26779977</controlfield><controlfield tag="008">921013d193u19uucauwr ne      0    0eng d</controlfield><datafield ind1=" " ind2=" " tag="010"><subfield code="a">sn 92069513 </subfield></datafield><datafield ind1=" " ind2=" " tag="040"><subfield code="a">CNK</subfield><subfield code="b">eng</subfield><subfield code="c">CNK</subfield><subfield code="d">OCLCQ</subfield><subfield code="d">OCLCF</subfield><subfield code="d">OCLCO</subfield></datafield><datafield ind1=" " ind2=" " tag="042"><subfield code="a">msc</subfield></datafield><datafield ind1=" " ind2=" " tag="043"><subfield code="a">n-us-ca</subfield></datafield><datafield ind1="0" ind2="0" tag="245"><subfield code="a">Oakdale enterprise.</subfield></datafield><datafield ind1=" " ind2=" " tag="260"><subfield code="a">Oakdale, Calif. :</subfield><subfield code="b">Geo. Sparks and T.F. Lofberg</subfield></datafield><datafield ind1=" " ind2=" " tag="300"><subfield code="a">v.</subfield></datafield><datafield ind1=" " ind2=" " tag="310"><subfield code="a">Weekly,</subfield><subfield code="b">July 24, 1942-&lt;Dec. 27, 1949&gt;</subfield></datafield><datafield ind1=" " ind2=" " tag="321"><subfield code="a">Semiweekly,</subfield><subfield code="b">&lt;Oct. 10, 1933&gt;-July 17, 1942</subfield></datafield><datafield ind1=" " ind2=" " tag="588"><subfield code="a">Description based on: Vol. 1, no. 68 (July 4, 1933).</subfield></datafield><datafield ind1=" " ind2="0" tag="651"><subfield code="a">Stanislaus County (Calif.)</subfield><subfield code="v">Newspapers.</subfield></datafield><datafield ind1=" " ind2="7" tag="655"><subfield code="a">Newspapers.</subfield><subfield code="2">fast</subfield><subfield code="0">(OCoLC)fst01423814</subfield></datafield><datafield ind1=" " ind2="7" tag="651"><subfield code="a">California</subfield><subfield code="z">Stanislaus County.</subfield><subfield code="2">fast</subfield><subfield code="0">(OCoLC)fst01207368</subfield></datafield><datafield ind1=" " ind2=" " tag="752"><subfield code="a">United States</subfield><subfield code="b">California</subfield><subfield code="c">Stanislaus</subfield><subfield code="d">Oakdale.</subfield></datafield></record>